@INPROCEEDINGS{CASA,
       author = {{McMullin}, J.~P. and {Waters}, B. and {Schiebel}, D. and {Young}, W. and {Golap}, K.},
        title = "{CASA Architecture and Applications}",
    booktitle = {Astronomical Data Analysis Software and Systems XVI},
         year = 2007,
       editor = {{Shaw}, R.~A. and {Hill}, F. and {Bell}, D.~J.},
       series = {Astronomical Society of the Pacific Conference Series},
       volume = {376},
        month = oct,
        pages = {127},
       adsurl = {https://ui.adsabs.harvard.edu/abs/2007ASPC..376..127M},
      adsnote = {Provided by the SAO/NASA Astrophysics Data System}
}

@ARTICLE{Hogbom1974,
       author = {{H{\"o}gbom}, J.~A.},
        title = "{Aperture Synthesis with a Non-Regular Distribution of Interferometer Baselines}",
      journal = {\aaps},
         year = 1974,
        month = jun,
       volume = {15},
        pages = {417},
       adsurl = {https://ui.adsabs.harvard.edu/abs/1974A&AS...15..417H},
      adsnote = {Provided by the SAO/NASA Astrophysics Data System}
}

@ARTICLE{JvM,
       author = {{Jorsater}, Steven and {van Moorsel}, Gustaaf A.},
        title = "{High Resolution Neutral Hydrogen Observations of the Barred Spiral Galaxy NGC 1365}",
      journal = {\aj},
     keywords = {GALAXIES: INDIVIDUAL: NGC 1365, GALAXIES: SPIRAL, GALAXIES, KINEMATICS AND DYNAMICS},
         year = 1995,
        month = nov,
       volume = {110},
        pages = {2037},
          doi = {10.1086/117668},
       adsurl = {https://ui.adsabs.harvard.edu/abs/1995AJ....110.2037J},
      adsnote = {Provided by the SAO/NASA Astrophysics Data System}
}

@ARTICLE{Czekala2021,
       author = {{Czekala}, Ian and {Loomis}, Ryan A. and {Teague}, Richard and {Booth}, Alice S. and {Huang}, Jane and {Cataldi}, Gianni and {Ilee}, John D. and {Law}, Charles J. and {Walsh}, Catherine and {Bosman}, Arthur D. and {Guzm{\'a}n}, Viviana V. and {Gal}, Romane Le and {{\"O}berg}, Karin I. and {Yamato}, Yoshihide and {Aikawa}, Yuri and {Andrews}, Sean M. and {Bae}, Jaehan and {Bergin}, Edwin A. and {Bergner}, Jennifer B. and {Cleeves}, L. Ilsedore and {Kurtovic}, Nicolas T. and {M{\'e}nard}, Fran{\c{c}}ois and {Nomura}, Hideko and {P{\'e}rez}, Laura M. and {Qi}, Chunhua and {Schwarz}, Kamber R. and {Tsukagoshi}, Takashi and {Waggoner}, Abygail R. and {Wilner}, David J. and {Zhang}, Ke},
        title = "{Molecules with ALMA at Planet-forming Scales (MAPS). II. CLEAN Strategies for Synthesizing Images of Molecular Line Emission in Protoplanetary Disks}",
      journal = {\apjs},
     keywords = {Protoplanetary disks, Submillimeter astronomy, Radio interferometry, Deconvolution, 1300, 1647, 1346, 1910, Astrophysics - Earth and Planetary Astrophysics, Astrophysics - Instrumentation and Methods for Astrophysics},
         year = 2021,
        month = nov,
       volume = {257},
       number = {1},
          eid = {2},
        pages = {2},
          doi = {10.3847/1538-4365/ac1430},
archivePrefix = {arXiv},
       eprint = {2109.06188},
 primaryClass = {astro-ph.EP},
       adsurl = {https://ui.adsabs.harvard.edu/abs/2021ApJS..257....2C},
      adsnote = {Provided by the SAO/NASA Astrophysics Data System}
}

@ARTICLE{Casassus2022,
       author = {{Casassus}, Simon and {C{\'a}rcamo}, Miguel},
        title = "{Variable structure in the PDS 70 disc and uncertainties in radio-interferometric image restoration}",
      journal = {\mnras},
     keywords = {techniques: interferometric, planets and satellites: formation, protoplanetary discs, stars: individual: PDS 70, Astrophysics - Earth and Planetary Astrophysics, Astrophysics - Solar and Stellar Astrophysics},
         year = 2022,
        month = jul,
       volume = {513},
       number = {4},
        pages = {5790-5798},
          doi = {10.1093/mnras/stac1285},
archivePrefix = {arXiv},
       eprint = {2204.08589},
 primaryClass = {astro-ph.EP},
       adsurl = {https://ui.adsabs.harvard.edu/abs/2022MNRAS.513.5790C},
      adsnote = {Provided by the SAO/NASA Astrophysics Data System}
}

@ARTICLE{Cieza2016,
       author = {{Cieza}, Lucas A. and {Casassus}, Simon and {Tobin}, John and {Bos}, Steven P. and {Williams}, Jonathan P. and {Perez}, Sebastian and {Zhu}, Zhaohuan and {Caceres}, Claudio and {Canovas}, Hector and {Dunham}, Michael M. and {Hales}, Antonio and {Prieto}, Jose L. and {Principe}, David A. and {Schreiber}, Matthias R. and {Ruiz-Rodriguez}, Dary and {Zurlo}, Alice},
        title = "{Imaging the water snow-line during a protostellar outburst}",
      journal = {\nat},
     keywords = {Astrophysics - Solar and Stellar Astrophysics, Astrophysics - Earth and Planetary Astrophysics},
         year = 2016,
        month = jul,
       volume = {535},
       number = {7611},
        pages = {258-261},
          doi = {10.1038/nature18612},
archivePrefix = {arXiv},
       eprint = {1607.03757},
 primaryClass = {astro-ph.SR},
       adsurl = {https://ui.adsabs.harvard.edu/abs/2016Natur.535..258C},
      adsnote = {Provided by the SAO/NASA Astrophysics Data System}
}

@article{GoFish,
    doi = {10.21105/joss.01632},
    url = {https://doi.org/10.21105/joss.01632},
    year = {2019},
    month = {sep},
    publisher = {The Open Journal},
    volume = {4},
    number = {41},
    pages = {1632},
    author = {Richard Teague},
    title = {GoFish: Fishing for Line Observations in Protoplanetary Disks},
    journal = {The Journal of Open Source Software}
}

@ARTICLE{Tobin2023,
       author = {{Tobin}, John J. and {van't Hoff}, Merel L.~R. and {Leemker}, Margot and {van Dishoeck}, Ewine F. and {Paneque-Carre{\~n}o}, Teresa and {Furuya}, Kenji and {Harsono}, Daniel and {Persson}, Magnus V. and {Cleeves}, L. Ilsedore and {Sheehan}, Patrick D. and {Cieza}, Lucas},
        title = "{Deuterium-enriched water ties planet-forming disks to comets and protostars}",
      journal = {\nat},
         year = 2023,
        month = mar,
       volume = {615},
       number = {7951},
        pages = {227-230},
          doi = {10.1038/s41586-022-05676-z},
       adsurl = {https://ui.adsabs.harvard.edu/abs/2023Natur.615..227T},
      adsnote = {Provided by the SAO/NASA Astrophysics Data System}
}

@ARTICLE{Yen2016,
       author = {{Yen}, Hsi-Wei and {Koch}, Patrick M. and {Liu}, Hauyu Baobab and {Puspitaningrum}, Evaria and {Hirano}, Naomi and {Lee}, Chin-Fei and {Takakuwa}, Shigehisa},
        title = "{Stacking Spectra in Protoplanetary Disks: Detecting Intensity Profiles from Hidden Molecular Lines in HD 163296}",
      journal = {\apj},
     keywords = {ISM: individual objects: HD 163296, line: profiles, protoplanetary disks, Astrophysics - Solar and Stellar Astrophysics, Astrophysics - Earth and Planetary Astrophysics, Astrophysics - Astrophysics of Galaxies},
         year = 2016,
        month = dec,
       volume = {832},
       number = {2},
          eid = {204},
        pages = {204},
          doi = {10.3847/0004-637X/832/2/204},
archivePrefix = {arXiv},
       eprint = {1610.01780},
 primaryClass = {astro-ph.SR},
       adsurl = {https://ui.adsabs.harvard.edu/abs/2016ApJ...832..204Y},
      adsnote = {Provided by the SAO/NASA Astrophysics Data System}
}

@ARTICLE{vantHoff2018,
       author = {{van 't Hoff}, Merel L.~R. and {Tobin}, John J. and {Trapman}, Leon and {Harsono}, Daniel and {Sheehan}, Patrick D. and {Fischer}, William J. and {Megeath}, S. Thomas and {van Dishoeck}, Ewine F.},
        title = "{Methanol and its Relation to the Water Snowline in the Disk around the Young Outbursting Star V883 Ori}",
      journal = {\apjl},
     keywords = {circumstellar matter, ISM: molecules, stars: individual: V883 Ori, stars: pre-main sequence, Astrophysics - Solar and Stellar Astrophysics, Astrophysics - Earth and Planetary Astrophysics},
         year = 2018,
        month = sep,
       volume = {864},
       number = {1},
          eid = {L23},
        pages = {L23},
          doi = {10.3847/2041-8213/aadb8a},
archivePrefix = {arXiv},
       eprint = {1808.08258},
 primaryClass = {astro-ph.SR},
       adsurl = {https://ui.adsabs.harvard.edu/abs/2018ApJ...864L..23V},
      adsnote = {Provided by the SAO/NASA Astrophysics Data System}
}

@ARTICLE{Lee2019,
       author = {{Lee}, Jeong-Eun and {Lee}, Seokho and {Baek}, Giseon and {Aikawa}, Yuri and {Cieza}, Lucas and {Yoon}, Sung-Yong and {Herczeg}, Gregory and {Johnstone}, Doug and {Casassus}, Simon},
        title = "{The ice composition in the disk around V883 Ori revealed by its stellar outburst}",
      journal = {Nature Astronomy},
     keywords = {Astrophysics - Solar and Stellar Astrophysics, Astrophysics - Earth and Planetary Astrophysics, Astrophysics - Astrophysics of Galaxies},
         year = 2019,
        month = feb,
       volume = {3},
        pages = {314-319},
          doi = {10.1038/s41550-018-0680-0},
archivePrefix = {arXiv},
       eprint = {1809.00353},
 primaryClass = {astro-ph.SR},
       adsurl = {https://ui.adsabs.harvard.edu/abs/2019NatAs...3..314L},
      adsnote = {Provided by the SAO/NASA Astrophysics Data System}
}

@ARTICLE{JPL,
       author = {{Pickett}, H.~M. and {Poynter}, R.~L. and {Cohen}, E.~A. and {Delitsky}, M.~L. and {Pearson}, J.~C. and {M{\"u}ller}, H.~S.~P.},
        title = "{Submillimeter, millimeter and microwave spectral line catalog.}",
      journal = {\jqsrt},
     keywords = {Laboratory Spectra: Catalogues, Laboratory Spectra: MM Spectra, Laboratory Spectra: Sub-MM Spectra, Laboratory Spectra: Microwave Spectra, Atomic Spectra: Catalogues, Atomic Spectra: MM Spectra, Atomic Spectra: Sub-MM Spectra, Atomic Spectra: Microwave Spectra, Molecular Spectra: Catalogues, Molecular Spectra: MM Spectra, Molecular Spectra: Sub-MM Spectra, Molecular Spectra: Microwave Spectra},
         year = 1998,
        month = nov,
       volume = {60},
       number = {5},
        pages = {883-890},
          doi = {10.1016/S0022-4073(98)00091-0},
       adsurl = {https://ui.adsabs.harvard.edu/abs/1998JQSRT..60..883P},
      adsnote = {Provided by the SAO/NASA Astrophysics Data System}
}

@ARTICLE{CDMS1,
       author = {{M{\"u}ller}, H.~S.~P. and {Thorwirth}, S. and {Roth}, D.~A. and {Winnewisser}, G.},
        title = "{The Cologne Database for Molecular Spectroscopy, CDMS}",
      journal = {\aap},
     keywords = {LINE: IDENTIFICATION, MOLECULAR DATA, ISM: MOLECULES, RADIO LINES: ISM, CATALOGS},
         year = 2001,
        month = apr,
       volume = {370},
        pages = {L49-L52},
          doi = {10.1051/0004-6361:20010367},
       adsurl = {https://ui.adsabs.harvard.edu/abs/2001A&A...370L..49M},
      adsnote = {Provided by the SAO/NASA Astrophysics Data System}
}

@ARTICLE{CDMS2,
       author = {{M{\"u}ller}, Holger S.~P. and {Schl{\"o}der}, Frank and {Stutzki}, J{\"u}rgen and {Winnewisser}, Gisbert},
        title = "{The Cologne Database for Molecular Spectroscopy, CDMS: a useful tool for astronomers and spectroscopists}",
      journal = {Journal of Molecular Structure},
         year = 2005,
        month = may,
       volume = {742},
       number = {1-3},
        pages = {215-227},
          doi = {10.1016/j.molstruc.2005.01.027},
       adsurl = {https://ui.adsabs.harvard.edu/abs/2005JMoSt.742..215M},
      adsnote = {Provided by the SAO/NASA Astrophysics Data System}
}

@ARTICLE{Teague2020,
       author = {{Teague}, Richard and {Loomis}, Ryan},
        title = "{The Excitation Conditions of CN in TW Hya}",
      journal = {\apj},
     keywords = {Submillimeter astronomy, Radiative transfer, Protoplanetary disks, Astrochemistry, 1647, 1335, 1300, 75, Astrophysics - Solar and Stellar Astrophysics, Astrophysics - Astrophysics of Galaxies},
         year = 2020,
        month = aug,
       volume = {899},
       number = {2},
          eid = {157},
        pages = {157},
          doi = {10.3847/1538-4357/aba956},
archivePrefix = {arXiv},
       eprint = {2007.11906},
 primaryClass = {astro-ph.SR},
       adsurl = {https://ui.adsabs.harvard.edu/abs/2020ApJ...899..157T},
      adsnote = {Provided by the SAO/NASA Astrophysics Data System}
}

@ARTICLE{Yamato2022,
       author = {{Yamato}, Yoshihide and {Furuya}, Kenji and {Aikawa}, Yuri and {Persson}, Magnus V. and {Tobin}, John J. and {J{\o}rgensen}, Jes K. and {Kama}, Mihkel},
        title = "{The First Interferometric Measurements of NH$_{2}$D/NH$_{3}$ Ratio in Hot Corinos}",
      journal = {\apj},
     keywords = {Astrochemistry, Star formation, 75, 1569, Astrophysics - Astrophysics of Galaxies, Astrophysics - Earth and Planetary Astrophysics, Astrophysics - Solar and Stellar Astrophysics},
         year = 2022,
        month = dec,
       volume = {941},
       number = {1},
          eid = {75},
        pages = {75},
          doi = {10.3847/1538-4357/ac9ea5},
archivePrefix = {arXiv},
       eprint = {2210.16336},
 primaryClass = {astro-ph.GA},
       adsurl = {https://ui.adsabs.harvard.edu/abs/2022ApJ...941...75Y},
      adsnote = {Provided by the SAO/NASA Astrophysics Data System}
}

@ARTICLE{Cataldi2021,
       author = {{Cataldi}, Gianni and {Yamato}, Yoshihide and {Aikawa}, Yuri and {Bergner}, Jennifer B. and {Furuya}, Kenji and {Guzm{\'a}n}, Viviana V. and {Huang}, Jane and {Loomis}, Ryan A. and {Qi}, Chunhua and {Andrews}, Sean M. and {Bergin}, Edwin A. and {Booth}, Alice S. and {Bosman}, Arthur D. and {Cleeves}, L. Ilsedore and {Czekala}, Ian and {Ilee}, John D. and {Law}, Charles J. and {Le Gal}, Romane and {Liu}, Yao and {Long}, Feng and {M{\'e}nard}, Fran{\c{c}}ois and {Nomura}, Hideko and {{\"O}berg}, Karin I. and {Schwarz}, Kamber R. and {Teague}, Richard and {Tsukagoshi}, Takashi and {Walsh}, Catherine and {Wilner}, David J. and {Zhang}, Ke},
        title = "{Molecules with ALMA at Planet-forming Scales (MAPS). X. Studying Deuteration at High Angular Resolution toward Protoplanetary Disks}",
      journal = {\apjs},
     keywords = {Astrochemistry, Isotopic abundances, Interferometry, Protoplanetary disks, Planet formation, Planetary system formation, Millimeter astronomy, Aperture synthesis, 75, 867, 808, 1300, 1241, 1257, 1061, 53, Astrophysics - Solar and Stellar Astrophysics, Astrophysics - Earth and Planetary Astrophysics, Astrophysics - Astrophysics of Galaxies},
         year = 2021,
        month = nov,
       volume = {257},
       number = {1},
          eid = {10},
        pages = {10},
          doi = {10.3847/1538-4365/ac143d},
archivePrefix = {arXiv},
       eprint = {2109.06462},
 primaryClass = {astro-ph.SR},
       adsurl = {https://ui.adsabs.harvard.edu/abs/2021ApJS..257...10C},
      adsnote = {Provided by the SAO/NASA Astrophysics Data System}
}

@ARTICLE{Bergner2021,
       author = {{Bergner}, Jennifer B. and {{\"O}berg}, Karin I. and {Guzm{\'a}n}, Viviana V. and {Law}, Charles J. and {Loomis}, Ryan A. and {Cataldi}, Gianni and {Bosman}, Arthur D. and {Aikawa}, Yuri and {Andrews}, Sean M. and {Bergin}, Edwin A. and {Booth}, Alice S. and {Cleeves}, L. Ilsedore and {Czekala}, Ian and {Huang}, Jane and {Ilee}, John D. and {Le Gal}, Romane and {Long}, Feng and {Nomura}, Hideko and {M{\'e}nard}, Fran{\c{c}}ois and {Qi}, Chunhua and {Schwarz}, Kamber R. and {Teague}, Richard and {Tsukagoshi}, Takashi and {Walsh}, Catherine and {Wilner}, David J. and {Yamato}, Yoshihide},
        title = "{Molecules with ALMA at Planet-forming Scales (MAPS). XI. CN and HCN as Tracers of Photochemistry in Disks}",
      journal = {\apjs},
     keywords = {Astrochemistry, Protoplanetary disks, Interstellar molecules, 75, 1300, 849, Astrophysics - Solar and Stellar Astrophysics, Astrophysics - Earth and Planetary Astrophysics, Astrophysics - Astrophysics of Galaxies},
         year = 2021,
        month = nov,
       volume = {257},
       number = {1},
          eid = {11},
        pages = {11},
          doi = {10.3847/1538-4365/ac143a},
archivePrefix = {arXiv},
       eprint = {2109.06694},
 primaryClass = {astro-ph.SR},
       adsurl = {https://ui.adsabs.harvard.edu/abs/2021ApJS..257...11B},
      adsnote = {Provided by the SAO/NASA Astrophysics Data System}
}

@ARTICLE{Guzman2021,
       author = {{Guzm{\'a}n}, Viviana V. and {Bergner}, Jennifer B. and {Law}, Charles J. and {{\"O}berg}, Karin I. and {Walsh}, Catherine and {Cataldi}, Gianni and {Aikawa}, Yuri and {Bergin}, Edwin A. and {Czekala}, Ian and {Huang}, Jane and {Andrews}, Sean M. and {Loomis}, Ryan A. and {Zhang}, Ke and {Le Gal}, Romane and {Alarc{\'o}n}, Felipe and {Ilee}, John D. and {Teague}, Richard and {Cleeves}, L. Ilsedore and {Wilner}, David J. and {Long}, Feng and {Schwarz}, Kamber R. and {Bosman}, Arthur D. and {P{\'e}rez}, Laura M. and {M{\'e}nard}, Fran{\c{c}}ois and {Liu}, Yao},
        title = "{Molecules with ALMA at Planet-forming Scales (MAPS). VI. Distribution of the Small Organics HCN, C$_{2}$H, and H$_{2}$CO}",
      journal = {\apjs},
     keywords = {Protoplanetary disks, 1300, Astrophysics - Earth and Planetary Astrophysics, Astrophysics - Solar and Stellar Astrophysics},
         year = 2021,
        month = nov,
       volume = {257},
       number = {1},
          eid = {6},
        pages = {6},
          doi = {10.3847/1538-4365/ac1440},
archivePrefix = {arXiv},
       eprint = {2109.06391},
 primaryClass = {astro-ph.EP},
       adsurl = {https://ui.adsabs.harvard.edu/abs/2021ApJS..257....6G},
      adsnote = {Provided by the SAO/NASA Astrophysics Data System}
}

@ARTICLE{Moller2017,
       author = {{M{\"o}ller}, T. and {Endres}, C. and {Schilke}, P.},
        title = "{eXtended CASA Line Analysis Software Suite (XCLASS)}",
      journal = {\aap},
     keywords = {editorials, notices, line: identification, methods: analytical, methods: data analysis, methods: numerical, Astrophysics - Instrumentation and Methods for Astrophysics},
         year = 2017,
        month = feb,
       volume = {598},
          eid = {A7},
        pages = {A7},
          doi = {10.1051/0004-6361/201527203},
archivePrefix = {arXiv},
       eprint = {1508.04114},
 primaryClass = {astro-ph.IM},
       adsurl = {https://ui.adsabs.harvard.edu/abs/2017A&A...598A...7M},
      adsnote = {Provided by the SAO/NASA Astrophysics Data System}
}

@ARTICLE{emcee,
       author = {{Foreman-Mackey}, Daniel and {Hogg}, David W. and {Lang}, Dustin and {Goodman}, Jonathan},
        title = "{emcee: The MCMC Hammer}",
      journal = {\pasp},
     keywords = {Astrophysics - Instrumentation and Methods for Astrophysics, Physics - Computational Physics, Statistics - Computation},
         year = 2013,
        month = mar,
       volume = {125},
       number = {925},
        pages = {306},
          doi = {10.1086/670067},
archivePrefix = {arXiv},
       eprint = {1202.3665},
 primaryClass = {astro-ph.IM},
       adsurl = {https://ui.adsabs.harvard.edu/abs/2013PASP..125..306F},
      adsnote = {Provided by the SAO/NASA Astrophysics Data System}
}

@ARTICLE{Goldsmith1999,
       author = {{Goldsmith}, Paul F. and {Langer}, William D.},
        title = "{Population Diagram Analysis of Molecular Line Emission}",
      journal = {\apj},
     keywords = {ISM: CLOUDS, ISM: MOLECULES, RADIATIVE TRANSFER, ISM: Clouds, ISM: Molecules, Radiative Transfer},
         year = 1999,
        month = may,
       volume = {517},
       number = {1},
        pages = {209-225},
          doi = {10.1086/307195},
       adsurl = {https://ui.adsabs.harvard.edu/abs/1999ApJ...517..209G},
      adsnote = {Provided by the SAO/NASA Astrophysics Data System}
}

@ARTICLE{Loomis2018,
       author = {{Loomis}, Ryan A. and {Cleeves}, L. Ilsedore and {{\"O}berg}, Karin I. and {Aikawa}, Yuri and {Bergner}, Jennifer and {Furuya}, Kenji and {Guzman}, V.~V. and {Walsh}, Catherine},
        title = "{The Distribution and Excitation of CH$_{3}$CN in a Solar Nebula Analog}",
      journal = {\apj},
     keywords = {protoplanetary disks, Astrophysics - Earth and Planetary Astrophysics, Astrophysics - Solar and Stellar Astrophysics},
         year = 2018,
        month = jun,
       volume = {859},
       number = {2},
          eid = {131},
        pages = {131},
          doi = {10.3847/1538-4357/aac169},
archivePrefix = {arXiv},
       eprint = {1805.01458},
 primaryClass = {astro-ph.EP},
       adsurl = {https://ui.adsabs.harvard.edu/abs/2018ApJ...859..131L},
      adsnote = {Provided by the SAO/NASA Astrophysics Data System}
}

@ARTICLE{Notsu2021,
       author = {{Notsu}, Shota and {van Dishoeck}, Ewine F. and {Walsh}, Catherine and {Bosman}, Arthur D. and {Nomura}, Hideko},
        title = "{X-ray-induced chemistry of water and related molecules in low-mass protostellar envelopes}",
      journal = {\aap},
     keywords = {astrochemistry, ISM: molecules, stars: formation, stars: protostars, protoplanetary disks, Astrophysics - Astrophysics of Galaxies, Astrophysics - Earth and Planetary Astrophysics, Astrophysics - High Energy Astrophysical Phenomena, Astrophysics - Solar and Stellar Astrophysics},
         year = 2021,
        month = jun,
       volume = {650},
          eid = {A180},
        pages = {A180},
          doi = {10.1051/0004-6361/202140667},
archivePrefix = {arXiv},
       eprint = {2104.06878},
 primaryClass = {astro-ph.GA},
       adsurl = {https://ui.adsabs.harvard.edu/abs/2021A&A...650A.180N},
      adsnote = {Provided by the SAO/NASA Astrophysics Data System}
}

@ARTICLE{Bosman2021,
       author = {{Bosman}, Arthur D. and {Bergin}, Edwin A. and {Loomis}, Ryan A. and {Andrews}, Sean M. and {van't Hoff}, Merel L.~R. and {Teague}, Richard and {{\"O}berg}, Karin I. and {Guzm{\'a}n}, Viviana V. and {Walsh}, Catherine and {Aikawa}, Yuri and {Alarc{\'o}n}, Felipe and {Bae}, Jaehan and {Bergner}, Jennifer B. and {Booth}, Alice S. and {Cataldi}, Gianni and {Cleeves}, L. Ilsedore and {Czekala}, Ian and {Huang}, Jane and {Ilee}, John D. and {Law}, Charles J. and {Le Gal}, Romane and {Liu}, Yao and {Long}, Feng and {M{\'e}nard}, Fran{\c{c}}ois and {Nomura}, Hideko and {P{\'e}rez}, Laura M. and {Qi}, Chunhua and {Schwarz}, Kamber R. and {Sierra}, Anibal and {Tsukagoshi}, Takashi and {Yamato}, Yoshihide and {Wilner}, David J. and {Zhang}, Ke},
        title = "{Molecules with ALMA at Planet-forming Scales (MAPS). XV. Tracing Protoplanetary Disk Structure within 20 au}",
      journal = {\apjs},
     keywords = {Millimeter astronomy, Protoplanetary disks, Planet formation, 1061, 1300, 1241, Astrophysics - Earth and Planetary Astrophysics},
         year = 2021,
        month = nov,
       volume = {257},
       number = {1},
          eid = {15},
        pages = {15},
          doi = {10.3847/1538-4365/ac1433},
archivePrefix = {arXiv},
       eprint = {2109.06223},
 primaryClass = {astro-ph.EP},
       adsurl = {https://ui.adsabs.harvard.edu/abs/2021ApJS..257...15B},
      adsnote = {Provided by the SAO/NASA Astrophysics Data System}
}

@ARTICLE{Garrod2006,
       author = {{Garrod}, R.~T. and {Herbst}, E.},
        title = "{Formation of methyl formate and other organic species in the warm-up phase of hot molecular cores}",
      journal = {\aap},
     keywords = {astrochemistry, stars: formation, ISM: abundances, ISM: clouds, ISM: molecules, Astrophysics},
         year = 2006,
        month = oct,
       volume = {457},
       number = {3},
        pages = {927-936},
          doi = {10.1051/0004-6361:20065560},
archivePrefix = {arXiv},
       eprint = {astro-ph/0607560},
 primaryClass = {astro-ph},
       adsurl = {https://ui.adsabs.harvard.edu/abs/2006A&A...457..927G},
      adsnote = {Provided by the SAO/NASA Astrophysics Data System}
}

@ARTICLE{Oberg2009,
       author = {{{\"O}berg}, K.~I. and {Garrod}, R.~T. and {van Dishoeck}, E.~F. and {Linnartz}, H.},
        title = "{Formation rates of complex organics in UV irradiated CH\_3OH-rich ices. I. Experiments}",
      journal = {\aap},
     keywords = {astrochemistry, astrobiology, molecular processes, methods: laboratory, stars: circumstellar matter, ISM: molecules, Astrophysics - Astrophysics of Galaxies},
         year = 2009,
        month = sep,
       volume = {504},
       number = {3},
        pages = {891-913},
          doi = {10.1051/0004-6361/200912559},
archivePrefix = {arXiv},
       eprint = {0908.1169},
 primaryClass = {astro-ph.GA},
       adsurl = {https://ui.adsabs.harvard.edu/abs/2009A&A...504..891O},
      adsnote = {Provided by the SAO/NASA Astrophysics Data System}
}

@ARTICLE{Taquet2016,
       author = {{Taquet}, Vianney and {Wirstr{\"o}m}, Eva S. and {Charnley}, Steven B.},
        title = "{Formation and Recondensation of Complex Organic Molecules during Protostellar Luminosity Outbursts}",
      journal = {\apj},
     keywords = {astrochemistry, ISM: abundances, ISM: molecules, stars: formation, Astrophysics - Astrophysics of Galaxies, Astrophysics - Solar and Stellar Astrophysics},
         year = 2016,
        month = apr,
       volume = {821},
       number = {1},
          eid = {46},
        pages = {46},
          doi = {10.3847/0004-637X/821/1/46},
archivePrefix = {arXiv},
       eprint = {1602.05364},
 primaryClass = {astro-ph.GA},
       adsurl = {https://ui.adsabs.harvard.edu/abs/2016ApJ...821...46T},
      adsnote = {Provided by the SAO/NASA Astrophysics Data System}
}

@ARTICLE{Law2021,
       author = {{Law}, Charles J. and {Teague}, Richard and {Loomis}, Ryan A. and {Bae}, Jaehan and {{\"O}berg}, Karin I. and {Czekala}, Ian and {Andrews}, Sean M. and {Aikawa}, Yuri and {Alarc{\'o}n}, Felipe and {Bergin}, Edwin A. and {Bergner}, Jennifer B. and {Booth}, Alice S. and {Bosman}, Arthur D. and {Calahan}, Jenny K. and {Cataldi}, Gianni and {Cleeves}, L. Ilsedore and {Furuya}, Kenji and {Guzm{\'a}n}, Viviana V. and {Huang}, Jane and {Ilee}, John D. and {Le Gal}, Romane and {Liu}, Yao and {Long}, Feng and {M{\'e}nard}, Fran{\c{c}}ois and {Nomura}, Hideko and {P{\'e}rez}, Laura M. and {Qi}, Chunhua and {Schwarz}, Kamber R. and {Soto}, Daniela and {Tsukagoshi}, Takashi and {Yamato}, Yoshihide and {van't Hoff}, Merel L.~R. and {Walsh}, Catherine and {Wilner}, David J. and {Zhang}, Ke},
        title = "{Molecules with ALMA at Planet-forming Scales (MAPS). IV. Emission Surfaces and Vertical Distribution of Molecules}",
      journal = {\apjs},
     keywords = {Protoplanetary disks, Interstellar molecules, Astrochemistry, High angular resolution, Circumstellar disks, Planet formation, 1300, 849, 75, 2167, 235, 1241, Astrophysics - Astrophysics of Galaxies, Astrophysics - Earth and Planetary Astrophysics, Astrophysics - Solar and Stellar Astrophysics},
         year = 2021,
        month = nov,
       volume = {257},
       number = {1},
          eid = {4},
        pages = {4},
          doi = {10.3847/1538-4365/ac1439},
archivePrefix = {arXiv},
       eprint = {2109.06217},
 primaryClass = {astro-ph.GA},
       adsurl = {https://ui.adsabs.harvard.edu/abs/2021ApJS..257....4L},
      adsnote = {Provided by the SAO/NASA Astrophysics Data System}
}

@ARTICLE{PanequeCarreno2023,
       author = {{Paneque-Carre{\~n}o}, T. and {Miotello}, A. and {van Dishoeck}, E.~F. and {Tabone}, B. and {Izquierdo}, A.~F. and {Facchini}, S.},
        title = "{Directly tracing the vertical stratification of molecules in protoplanetary disks}",
      journal = {\aap},
     keywords = {astrochemistry, protoplanetary disks, Astrophysics - Earth and Planetary Astrophysics, Astrophysics - Solar and Stellar Astrophysics},
         year = 2023,
        month = jan,
       volume = {669},
          eid = {A126},
        pages = {A126},
          doi = {10.1051/0004-6361/202244428},
archivePrefix = {arXiv},
       eprint = {2210.01130},
 primaryClass = {astro-ph.EP},
       adsurl = {https://ui.adsabs.harvard.edu/abs/2023A&A...669A.126P},
      adsnote = {Provided by the SAO/NASA Astrophysics Data System}
}

@ARTICLE{Law2023,
       author = {{Law}, Charles J. and {Teague}, Richard and {{\"O}berg}, Karin I. and {Rich}, Evan A. and {Andrews}, Sean M. and {Bae}, Jaehan and {Benisty}, Myriam and {Facchini}, Stefano and {Flaherty}, Kevin and {Isella}, Andrea and {Jin}, Sheng and {Hashimoto}, Jun and {Huang}, Jane and {Loomis}, Ryan A. and {Long}, Feng and {Mu{\~n}oz-Romero}, Carlos E. and {Paneque-Carre{\~n}o}, Teresa and {P{\'e}rez}, Laura M. and {Qi}, Chunhua and {Schwarz}, Kamber R. and {Stadler}, Jochen and {Tsukagoshi}, Takashi and {Wilner}, David J. and {van der Plas}, Gerrit},
        title = "{Mapping Protoplanetary Disk Vertical Structure with CO Isotopologue Line Emission}",
      journal = {\apj},
     keywords = {Protoplanetary disks, Planet formation, CO line emission, High angular resolution, 1300, 1241, 262, 2167, Astrophysics - Earth and Planetary Astrophysics, Astrophysics - Astrophysics of Galaxies, Astrophysics - Solar and Stellar Astrophysics},
         year = 2023,
        month = may,
       volume = {948},
       number = {1},
          eid = {60},
        pages = {60},
          doi = {10.3847/1538-4357/acb3c4},
archivePrefix = {arXiv},
       eprint = {2212.08667},
 primaryClass = {astro-ph.EP},
       adsurl = {https://ui.adsabs.harvard.edu/abs/2023ApJ...948...60L},
      adsnote = {Provided by the SAO/NASA Astrophysics Data System}
}

@ARTICLE{Law2022,
       author = {{Law}, Charles J. and {Crystian}, Sage and {Teague}, Richard and {{\"O}berg}, Karin I. and {Rich}, Evan A. and {Andrews}, Sean M. and {Bae}, Jaehan and {Flaherty}, Kevin and {Guzm{\'a}n}, Viviana V. and {Huang}, Jane and {Ilee}, John D. and {Kastner}, Joel H. and {Loomis}, Ryan A. and {Long}, Feng and {P{\'e}rez}, Laura M. and {P{\'e}rez}, Sebasti{\'a}n and {Qi}, Chunhua and {Rosotti}, Giovanni P. and {Ru{\'\i}z-Rodr{\'\i}guez}, Dary and {Tsukagoshi}, Takashi and {Wilner}, David J.},
        title = "{CO Line Emission Surfaces and Vertical Structure in Midinclination Protoplanetary Disks}",
      journal = {\apj},
     keywords = {Protoplanetary disks, Planet formation, CO line emission, High angular resolution, 1300, 1241, 262, 2167, Astrophysics - Earth and Planetary Astrophysics, Astrophysics - Astrophysics of Galaxies, Astrophysics - Solar and Stellar Astrophysics},
         year = 2022,
        month = jun,
       volume = {932},
       number = {2},
          eid = {114},
        pages = {114},
          doi = {10.3847/1538-4357/ac6c02},
archivePrefix = {arXiv},
       eprint = {2205.01776},
 primaryClass = {astro-ph.EP},
       adsurl = {https://ui.adsabs.harvard.edu/abs/2022ApJ...932..114L},
      adsnote = {Provided by the SAO/NASA Astrophysics Data System}
}

@ARTICLE{Aikawa2002,
       author = {{Aikawa}, Y. and {van Zadelhoff}, G.~J. and {van Dishoeck}, E.~F. and {Herbst}, E.},
        title = "{Warm molecular layers in protoplanetary disks}",
      journal = {\aap},
     keywords = {ISM: molecules, stars: pre-main sequence, stars: circumstellar matter, stars: planetary systems: protoplanetary disks, Astrophysics},
         year = 2002,
        month = may,
       volume = {386},
        pages = {622-632},
          doi = {10.1051/0004-6361:20020037},
archivePrefix = {arXiv},
       eprint = {astro-ph/0202060},
 primaryClass = {astro-ph},
       adsurl = {https://ui.adsabs.harvard.edu/abs/2002A&A...386..622A},
      adsnote = {Provided by the SAO/NASA Astrophysics Data System}
}

@ARTICLE{Manigand2020,
       author = {{Manigand}, S. and {J{\o}rgensen}, J.~K. and {Calcutt}, H. and {M{\"u}ller}, H.~S.~P. and {Ligterink}, N.~F.~W. and {Coutens}, A. and {Drozdovskaya}, M.~N. and {van Dishoeck}, E.~F. and {Wampfler}, S.~F.},
        title = "{The ALMA-PILS survey: inventory of complex organic molecules towards IRAS 16293-2422 A}",
      journal = {\aap},
     keywords = {astrochemistry, stars: formation, stars: protostars, ISM: molecules, ISM: individual objects: IRAS 16293-2422, Astrophysics - Solar and Stellar Astrophysics, Astrophysics - Astrophysics of Galaxies},
         year = 2020,
        month = mar,
       volume = {635},
          eid = {A48},
        pages = {A48},
          doi = {10.1051/0004-6361/201936299},
archivePrefix = {arXiv},
       eprint = {2001.06400},
 primaryClass = {astro-ph.SR},
       adsurl = {https://ui.adsabs.harvard.edu/abs/2020A&A...635A..48M},
      adsnote = {Provided by the SAO/NASA Astrophysics Data System}
}

@ARTICLE{Jorgensen2018,
       author = {{J{\o}rgensen}, J.~K. and {M{\"u}ller}, H.~S.~P. and {Calcutt}, H. and {Coutens}, A. and {Drozdovskaya}, M.~N. and {{\"O}berg}, K.~I. and {Persson}, M.~V. and {Taquet}, V. and {van Dishoeck}, E.~F. and {Wampfler}, S.~F.},
        title = "{The ALMA-PILS survey: isotopic composition of oxygen-containing complex organic molecules toward IRAS 16293-2422B}",
      journal = {\aap},
     keywords = {astrochemistry, stars: formation, stars: protostars, ISM: molecules, ISM: individual objects: IRAS 16293-2422, submillimeter: ISM, Astrophysics - Solar and Stellar Astrophysics, Astrophysics - Astrophysics of Galaxies},
         year = 2018,
        month = dec,
       volume = {620},
          eid = {A170},
        pages = {A170},
          doi = {10.1051/0004-6361/201731667},
archivePrefix = {arXiv},
       eprint = {1808.08753},
 primaryClass = {astro-ph.SR},
       adsurl = {https://ui.adsabs.harvard.edu/abs/2018A&A...620A.170J},
      adsnote = {Provided by the SAO/NASA Astrophysics Data System}
}

@ARTICLE{Lykke2017,
       author = {{Lykke}, J.~M. and {Coutens}, A. and {J{\o}rgensen}, J.~K. and {van der Wiel}, M.~H.~D. and {Garrod}, R.~T. and {M{\"u}ller}, H.~S.~P. and {Bjerkeli}, P. and {Bourke}, T.~L. and {Calcutt}, H. and {Drozdovskaya}, M.~N. and {Favre}, C. and {Fayolle}, E.~C. and {Jacobsen}, S.~K. and {{\"O}berg}, K.~I. and {Persson}, M.~V. and {van Dishoeck}, E.~F. and {Wampfler}, S.~F.},
        title = "{The ALMA-PILS survey: First detections of ethylene oxide, acetone and propanal toward the low-mass protostar IRAS 16293-2422}",
      journal = {\aap},
     keywords = {astrochemistry, ISM: molecules, ISM: abundances, ISM: individual object: IRAS 16293-2422 line: identification, astrobiology, Astrophysics - Solar and Stellar Astrophysics, Astrophysics - Astrophysics of Galaxies},
         year = 2017,
        month = jan,
       volume = {597},
          eid = {A53},
        pages = {A53},
          doi = {10.1051/0004-6361/201629180},
archivePrefix = {arXiv},
       eprint = {1611.07314},
 primaryClass = {astro-ph.SR},
       adsurl = {https://ui.adsabs.harvard.edu/abs/2017A&A...597A..53L},
      adsnote = {Provided by the SAO/NASA Astrophysics Data System}
}

@ARTICLE{Manigand2021,
       author = {{Manigand}, S. and {Coutens}, A. and {Loison}, J. -C. and {Wakelam}, V. and {Calcutt}, H. and {M{\"u}ller}, H.~S.~P. and {J{\o}rgensen}, J.~K. and {Taquet}, V. and {Wampfler}, S.~F. and {Bourke}, T.~L. and {Kulterer}, B.~M. and {van Dishoeck}, E.~F. and {Drozdovskaya}, M.~N. and {Ligterink}, N.~F.~W.},
        title = "{The ALMA-PILS survey: first detection of the unsaturated 3-carbon molecules Propenal (C$_{2}$H$_{3}$CHO) and Propylene (C$_{3}$H$_{6}$) towards IRAS 16293-2422 B}",
      journal = {\aap},
     keywords = {astrochemistry, stars: protostars, stars: low-mass, ISM: molecules, ISM: individual objects: IRAS 16293{\textendash}2422, submillimeter: ISM, Astrophysics - Solar and Stellar Astrophysics, Astrophysics - Astrophysics of Galaxies},
         year = 2021,
        month = jan,
       volume = {645},
          eid = {A53},
        pages = {A53},
          doi = {10.1051/0004-6361/202038113},
archivePrefix = {arXiv},
       eprint = {2007.04000},
 primaryClass = {astro-ph.SR},
       adsurl = {https://ui.adsabs.harvard.edu/abs/2021A&A...645A..53M},
      adsnote = {Provided by the SAO/NASA Astrophysics Data System}
}

@ARTICLE{Brunken2022,
       author = {{Brunken}, Nashanty G.~C. and {Booth}, Alice S. and {Leemker}, Margot and {Nazari}, Pooneh and {van der Marel}, Nienke and {van Dishoeck}, Ewine F.},
        title = "{A major asymmetric ice trap in a planet-forming disk. III. First detection of dimethyl ether}",
      journal = {\aap},
     keywords = {Astrophysics - Earth and Planetary Astrophysics, Astrophysics - Astrophysics of Galaxies, Astrophysics - Solar and Stellar Astrophysics},
         year = 2022,
        month = mar,
       volume = {659},
          eid = {A29},
        pages = {A29},
          doi = {10.1051/0004-6361/202142981},
archivePrefix = {arXiv},
       eprint = {2203.02936},
 primaryClass = {astro-ph.EP},
       adsurl = {https://ui.adsabs.harvard.edu/abs/2022A&A...659A..29B},
      adsnote = {Provided by the SAO/NASA Astrophysics Data System}
}

@ARTICLE{Drozdovskaya2019,
       author = {{Drozdovskaya}, Maria N. and {van Dishoeck}, Ewine F. and {Rubin}, Martin and {J{\o}rgensen}, Jes K. and {Altwegg}, Kathrin},
        title = "{Ingredients for solar-like systems: protostar IRAS 16293-2422 B versus comet 67P/Churyumov-Gerasimenko}",
      journal = {\mnras},
     keywords = {astrochemistry, comets: general, comets: individual: 67P/Churyumov-Gerasimenko, stars: protostars, ISM: molecules, Astrophysics - Solar and Stellar Astrophysics, Astrophysics - Earth and Planetary Astrophysics, Astrophysics - Astrophysics of Galaxies},
         year = 2019,
        month = nov,
       volume = {490},
       number = {1},
        pages = {50-79},
          doi = {10.1093/mnras/stz2430},
archivePrefix = {arXiv},
       eprint = {1908.11290},
 primaryClass = {astro-ph.SR},
       adsurl = {https://ui.adsabs.harvard.edu/abs/2019MNRAS.490...50D},
      adsnote = {Provided by the SAO/NASA Astrophysics Data System}
}

@ARTICLE{Rubin2019,
       author = {{Rubin}, Martin and {Altwegg}, Kathrin and {Balsiger}, Hans and {Berthelier}, Jean-Jacques and {Combi}, Michael R. and {De Keyser}, Johan and {Drozdovskaya}, Maria and {Fiethe}, Bj{\"o}rn and {Fuselier}, Stephen A. and {Gasc}, S{\'e}bastien and {Gombosi}, Tamas I. and {H{\"a}nni}, Nora and {Hansen}, Kenneth C. and {Mall}, Urs and {R{\`e}me}, Henri and {Schroeder}, Isaac R.~H.~G. and {Schuhmann}, Markus and {S{\'e}mon}, Thierry and {Waite}, Jack H. and {Wampfler}, Susanne F. and {Wurz}, Peter},
        title = "{Elemental and molecular abundances in comet 67P/Churyumov-Gerasimenko}",
      journal = {\mnras},
     keywords = {comets: general, comets: individual: 67P/Churyumov-Gerasimenko, Astrophysics - Earth and Planetary Astrophysics},
         year = 2019,
        month = oct,
       volume = {489},
       number = {1},
        pages = {594-607},
          doi = {10.1093/mnras/stz2086},
archivePrefix = {arXiv},
       eprint = {1907.11044},
 primaryClass = {astro-ph.EP},
       adsurl = {https://ui.adsabs.harvard.edu/abs/2019MNRAS.489..594R},
      adsnote = {Provided by the SAO/NASA Astrophysics Data System}
}

@ARTICLE{Schuhmann2019,
       author = {{Schuhmann}, Markus and {Altwegg}, Kathrin and {Balsiger}, Hans and {Berthelier}, Jean-Jacques and {De Keyser}, Johan and {Fuselier}, Stephen A. and {Gasc}, S{\'e}bastien and {Gombosi}, Tamas I. and {H{\"a}nni}, Nora and {Rubin}, Martin and {S{\'e}mon}, Thierry and {Tzou}, Chia-Yu and {Wampfler}, Susanne F.},
        title = "{CHO-Bearing Molecules in Comet 67P/Churyumov-Gerasimenko}",
      journal = {ACS Earth and Space Chemistry},
     keywords = {Astrophysics - Earth and Planetary Astrophysics},
         year = 2019,
        month = sep,
       volume = {3},
       number = {9},
        pages = {1854-1861},
          doi = {10.1021/acsearthspacechem.9b00094},
archivePrefix = {arXiv},
       eprint = {2003.03967},
 primaryClass = {astro-ph.EP},
       adsurl = {https://ui.adsabs.harvard.edu/abs/2019ESC.....3.1854S},
      adsnote = {Provided by the SAO/NASA Astrophysics Data System}
}

@ARTICLE{Pickering1890,
       author = {{Pickering}, Edward Charles},
        title = "{Magnitudes of stars employed in various nautical almanacs}",
      journal = {Annals of Harvard College Observatory},
     keywords = {STARS: MAGNITUDES, NAUTICAL ALMANACS, ECLIPSES, SOLAR: 1886},
         year = 1890,
        month = jan,
       volume = {18},
       number = {1},
        pages = {1},
       adsurl = {https://ui.adsabs.harvard.edu/abs/1890AnHar..18....1P},
      adsnote = {Provided by the SAO/NASA Astrophysics Data System}
}

@ARTICLE{Herbst2009,
       author = {{Herbst}, Eric and {van Dishoeck}, Ewine F.},
        title = "{Complex Organic Interstellar Molecules}",
      journal = {\araa},
         year = 2009,
        month = sep,
       volume = {47},
       number = {1},
        pages = {427-480},
          doi = {10.1146/annurev-astro-082708-101654},
       adsurl = {https://ui.adsabs.harvard.edu/abs/2009ARA&A..47..427H},
      adsnote = {Provided by the SAO/NASA Astrophysics Data System}
}

@ARTICLE{Tielens1982,
       author = {{Tielens}, A.~G.~G.~M. and {Hagen}, W.},
        title = "{Model calculations of the molecular composition of interstellar grain mantles}",
      journal = {\aap},
     keywords = {Chemical Composition, Granular Materials, Interstellar Chemistry, Interstellar Matter, Molecular Clouds, Astronomical Models, Infrared Astronomy, Interstellar Extinction, Surface Reactions, Astrophysics},
         year = 1982,
        month = oct,
       volume = {114},
       number = {2},
        pages = {245-260},
       adsurl = {https://ui.adsabs.harvard.edu/abs/1982A&A...114..245T},
      adsnote = {Provided by the SAO/NASA Astrophysics Data System}
}

@ARTICLE{Watanabe2002,
       author = {{Watanabe}, Naoki and {Kouchi}, Akira},
        title = "{Efficient Formation of Formaldehyde and Methanol by the Addition of Hydrogen Atoms to CO in H$_{2}$O-CO Ice at 10 K}",
      journal = {\apjl},
     keywords = {ISM: Dust, Extinction, ISM: Molecules, Methods: Laboratory, Molecular Data, Molecular Processes},
         year = 2002,
        month = jun,
       volume = {571},
       number = {2},
        pages = {L173-L176},
          doi = {10.1086/341412},
       adsurl = {https://ui.adsabs.harvard.edu/abs/2002ApJ...571L.173W},
      adsnote = {Provided by the SAO/NASA Astrophysics Data System}
}

@ARTICLE{Watanabe2003,
       author = {{Watanabe}, Naoki and {Shiraki}, Takahiro and {Kouchi}, Akira},
        title = "{The Dependence of H$_{2}$CO and CH$_{3}$OH Formation on the Temperature and Thickness of H$_{2}$O-CO Ice during the Successive Hydrogenation of CO}",
      journal = {\apjl},
     keywords = {ISM: Dust, Extinction, ISM: Molecules, Methods: Laboratory, Molecular Data, Molecular Processes},
         year = 2003,
        month = may,
       volume = {588},
       number = {2},
        pages = {L121-L124},
          doi = {10.1086/375634},
       adsurl = {https://ui.adsabs.harvard.edu/abs/2003ApJ...588L.121W},
      adsnote = {Provided by the SAO/NASA Astrophysics Data System}
}

@ARTICLE{Garrod2008,
       author = {{Garrod}, Robin T. and {Widicus Weaver}, Susanna L. and {Herbst}, Eric},
        title = "{Complex Chemistry in Star-forming Regions: An Expanded Gas-Grain Warm-up Chemical Model}",
      journal = {\apj},
     keywords = {astrochemistry, ISM: abundances, ISM: clouds, ISM: individual: Sagittarius B2(N), ISM: molecules, stars: formation, Astrophysics},
         year = 2008,
        month = jul,
       volume = {682},
       number = {1},
        pages = {283-302},
          doi = {10.1086/588035},
archivePrefix = {arXiv},
       eprint = {0803.1214},
 primaryClass = {astro-ph},
       adsurl = {https://ui.adsabs.harvard.edu/abs/2008ApJ...682..283G},
      adsnote = {Provided by the SAO/NASA Astrophysics Data System}
}

@ARTICLE{Walsh2014,
       author = {{Walsh}, Catherine and {Millar}, Tom. J. and {Nomura}, Hideko and {Herbst}, Eric and {Widicus Weaver}, Susanna and {Aikawa}, Yuri and {Laas}, Jacob C. and {Vasyunin}, Anton I.},
        title = "{Complex organic molecules in protoplanetary disks}",
      journal = {\aap},
     keywords = {protoplanetary disks, astrochemistry, ISM: molecules, stars: formation, Astrophysics - Earth and Planetary Astrophysics, Astrophysics - Galaxy Astrophysics},
         year = 2014,
        month = mar,
       volume = {563},
          eid = {A33},
        pages = {A33},
          doi = {10.1051/0004-6361/201322446},
archivePrefix = {arXiv},
       eprint = {1403.0390},
 primaryClass = {astro-ph.EP},
       adsurl = {https://ui.adsabs.harvard.edu/abs/2014A&A...563A..33W},
      adsnote = {Provided by the SAO/NASA Astrophysics Data System}
}

@ARTICLE{Furuya2014,
       author = {{Furuya}, Kenji and {Aikawa}, Yuri},
        title = "{Reprocessing of Ices in Turbulent Protoplanetary Disks: Carbon and Nitrogen Chemistry}",
      journal = {\apj},
     keywords = {astrochemistry, comets: general, molecular processes, protoplanetary disks, turbulence, Astrophysics - Earth and Planetary Astrophysics},
         year = 2014,
        month = aug,
       volume = {790},
       number = {2},
          eid = {97},
        pages = {97},
          doi = {10.1088/0004-637X/790/2/97},
archivePrefix = {arXiv},
       eprint = {1406.3507},
 primaryClass = {astro-ph.EP},
       adsurl = {https://ui.adsabs.harvard.edu/abs/2014ApJ...790...97F},
      adsnote = {Provided by the SAO/NASA Astrophysics Data System}
}

@ARTICLE{Garrod2013,
       author = {{Garrod}, Robin T.},
        title = "{A Three-phase Chemical Model of Hot Cores: The Formation of Glycine}",
      journal = {\apj},
     keywords = {astrobiology, astrochemistry, ISM: lines and bands, ISM: molecules, molecular processes, radiative transfer, Astrophysics - Astrophysics of Galaxies},
         year = 2013,
        month = mar,
       volume = {765},
       number = {1},
          eid = {60},
        pages = {60},
          doi = {10.1088/0004-637X/765/1/60},
archivePrefix = {arXiv},
       eprint = {1302.0688},
 primaryClass = {astro-ph.GA},
       adsurl = {https://ui.adsabs.harvard.edu/abs/2013ApJ...765...60G},
      adsnote = {Provided by the SAO/NASA Astrophysics Data System}
}

@ARTICLE{Aikawa2020,
       author = {{Aikawa}, Yuri and {Furuya}, Kenji and {Yamamoto}, Satoshi and {Sakai}, Nami},
        title = "{Chemical Variation among Protostellar Cores: Dependence on Prestellar Core Conditions}",
      journal = {\apj},
     keywords = {Star formation, Astrochemistry, 75, 1569, Astrophysics - Solar and Stellar Astrophysics, Astrophysics - Astrophysics of Galaxies},
         year = 2020,
        month = jul,
       volume = {897},
       number = {2},
          eid = {110},
        pages = {110},
          doi = {10.3847/1538-4357/ab994a},
archivePrefix = {arXiv},
       eprint = {2006.11696},
 primaryClass = {astro-ph.SR},
       adsurl = {https://ui.adsabs.harvard.edu/abs/2020ApJ...897..110A},
      adsnote = {Provided by the SAO/NASA Astrophysics Data System}
}

@ARTICLE{Nomura2009,
       author = {{Nomura}, H. and {Aikawa}, Y. and {Nakagawa}, Y. and {Millar}, T.~J.},
        title = "{Effects of accretion flow on the chemical structure in the inner regions of protoplanetary disks}",
      journal = {\aap},
     keywords = {accretion, accretion disks, line: formation, molecular processes, planetary systems: protoplanetary disks, Astrophysics},
         year = 2009,
        month = feb,
       volume = {495},
       number = {1},
        pages = {183-188},
          doi = {10.1051/0004-6361:200810206},
archivePrefix = {arXiv},
       eprint = {0810.4610},
 primaryClass = {astro-ph},
       adsurl = {https://ui.adsabs.harvard.edu/abs/2009A&A...495..183N},
      adsnote = {Provided by the SAO/NASA Astrophysics Data System}
}

@ARTICLE{Chuang2016,
       author = {{Chuang}, K. -J. and {Fedoseev}, G. and {Ioppolo}, S. and {van Dishoeck}, E.~F. and {Linnartz}, H.},
        title = "{H-atom addition and abstraction reactions in mixed CO, H$_{2}$CO and CH$_{3}$OH ices - an extended view on complex organic molecule formation}",
      journal = {\mnras},
     keywords = {astrochemistry, methods: laboratory: solid state, ISM: atoms, ISM: molecules, infrared: ISM, Astrophysics - Astrophysics of Galaxies},
         year = 2016,
        month = jan,
       volume = {455},
       number = {2},
        pages = {1702-1712},
          doi = {10.1093/mnras/stv2288},
archivePrefix = {arXiv},
       eprint = {1606.01049},
 primaryClass = {astro-ph.GA},
       adsurl = {https://ui.adsabs.harvard.edu/abs/2016MNRAS.455.1702C},
      adsnote = {Provided by the SAO/NASA Astrophysics Data System}
}

